@book{OrbitA,
	title = {Orbit A},
	author = {Per Holck, Jens Kraaer},
	year = {2009},
	publisher = {Systime},
}